@book{oxley1992mt,
  title={{Matroid theory}},
  author={Oxley, J.G.},
  year={1992},
  publisher={Oxford University Press}
}

@article{geelen2000emg,
  title={{The excluded minors for GF (4)-representable matroids}},
  author={Geelen, JF and Gerards, AMH and Kapoor, A.},
  journal={Journal of Combinatorial Theory, Series B},
  volume={79},
  number={2},
  pages={247--299},
  year={2000},
  publisher={Elsevier Inc.}
}

@article{ramsey,
	title={{On a problem for formal logic}},
	author={F. P. Ramsey},
	journal={Proc. London Math. Soc.},
	volume={2},
	number={30},
	pages={264-268},
	year={1930}
}
	
@article{oxley2003m,
    title={What is a matroid},
    author={Oxley, J.},
    journal={Cubo},
    volume={5},
    pages={179--218},
    year={2003}
}

@article{whitney1935apl,
  title={{On the abstract properties of linear dependence}},
  author={Whitney, H.},
  journal={American Journal of Mathematics},
  pages={509--533},
  year={1935},
  publisher={Johns Hopkins Press}
}

@article{chun2008upm,
  title={{Unavoidable parallel minors of 4-connected graphs}},
  author={Chun, C. and Ding, G. and Oporowski, B. and Vertigan, D.},
  journal={Journal of Graph Theory},
  year={2008},
  publisher={Wiley Subscription Services, Inc., A Wiley Company Hoboken}
}

@article{erdHos1962mnd,
  title={{On the maximal number of disjoint circuits of a graph}},
  author={Erd{\H{o}}s, P. and Posa, L.},
  journal={Publ. Math. Debrecen},
  volume={9},
  pages={3--12},
  year={1962}
}

@article{geelen2003dcm,
  title={{Disjoint cocircuits in matroids with large rank}},
  author={Geelen, J.F. and Gerards, AMH and Whittle, G.},
  journal={Journal of Combinatorial Theory, Series B},
  volume={87},
  pages={270--279},
  year={2003}
}

@article{erdos1965icc,
  title={{On independent circuits contained in a graph}},
  author={Erdos, P. and Posa, L.},
  journal={Canad. J. Math},
  volume={17},
  pages={347--352},
  year={1965}
}

@article{semple1999msk,
  title={{On maximum-sized k-regular matroids}},
  author={Semple, C. and Victoria University of Wellington and School of Mathematical and Computing Sciences},
  journal={Graphs and Combinatorics},
  volume={15},
  number={4},
  pages={441--462},
  year={1999},
  publisher={Springer-Verlag Tokyo Inc.}
}

@proceedings{DBLP:conf/gst/1991,
  editor    = {Neil Robertson and
               Paul D. Seymour},
  title     = {Graph Structure Theory, Proceedings of a AMS-IMS-SIAM Joint Summer
               Research Conference on Graph Minors held June 22 to July 5, 1991,
               at the University of Washington, Seattle},
  booktitle = {Graph Structure Theory},
  publisher = {American Mathematical Society},
  series    = {Contemporary Mathematics},
  volume    = {147},
  year      = {1993},
  isbn      = {0-8218-5160-8},
  bibsource = {DBLP, http://dblp.uni-trier.de}
}

@article{kung1993extremal,
  title={{Extremal matroid theory}},
  author={Kung, J.P.S.},
  journal={Graph Structure Theory, Amer. Math. Soc., Providence, RI},
  pages={21--62},
  year={1993}
}

@article{diestel2005graph,
  title={{Graph Theory. 2005}},
  author={Diestel, R.},
  journal={Grad. Texts in Math},
  year={2005}
}

@article{kung1988long,
  title={{The long-line graph of a combinatorial geometry. I. Excluding M (K 4) and the (q+ 2)-point line as minors}},
  author={KUNG, J.P.S.},
  journal={The Quarterly Journal of Mathematics},
  volume={39},
  number={2},
  pages={223--234},
  year={1988},
  publisher={Oxford Univ Press}
}

@article{mader1967homomorphieeigenschaften,
  title={{Homomorphieeigenschaften und mittlere Kantendichte von Graphen}},
  author={Mader, W.},
  journal={Mathematische Annalen},
  volume={174},
  number={4},
  pages={265--268},
  year={1967},
  publisher={Springer}
}
  
  @article{tutte1958homotopy,
  title={{A homotopy theorem for matroids, I}},
  author={Tutte, WT},
  journal={Transactions of the American Mathematical Society},
  pages={144--160},
  year={1958},
  publisher={American Mathematical Society}
}

@misc{dowling1972class,
  title={{A class of geometric lattices based on finite groups}},
  author={Dowling, T.A.},
  year={1972},
  publisher={NORTH CAROLINA UNIV CHAPEL HILL DEPT OF STATISTICS}
}
